
% crowd simulation resources
@ARTICLE{JBerg2008RVO,
  author = {Jur van den Berg and Ming Lin and  Dinesh Manocha.},
  title = {Reciprocal Velocity Obstacles for Real-Time Multi-Agent Navigation},
  journal = {IEEE, International Conference on Robotics and Automation (ICRA)},
  year = {2008},
  annote = {Velocity Obstacle and many other avoidance models inspired by VO explained and prooved.}
}

@ARTICLE{AGuy2009CP,
  author = {Stephen J. Guy and Jatin Chhugani and Changkyu Kim and Nadathur Satish and Ming Lin and Dinesh Manocha and Pradeep Dubey},
  title = {ClearPath: Highly Parallel Collision Avoidance for Multi-Agent Simulation},
  journal = {Eurographics/ ACM SIGGRAPH Symposium on Computer Animation},
  year = {2009},
  annote = {optimizations of existing RVO library, tweaks RVO implementation and describes parellizing implemenation.}
}

@ARTICLE{DCherry2013RVO,
  author = {David Cherry},
  title = {RVO Collision Avoidance in Unity 3d},
  institution = {University of Minnesota},
  year = {2013},
  annote = {A students project to incorporate RVO avoidance into a Unity based crowd simulation.},
}

@ARTICLE{BSilverman2005CS,
  author = {Barry G. Silverman and Norman I. Badler and Nuria Pelechano and Kevin O'Brien},
  title = {Crowd Simulation Incorporating Agent Psychological Models, Roles and Communication},
  year = {2005},
  annote = {Integrate a psychological model into a crowd simulation system in order to obtain believable emergent behaviours.
  High level way finding to create map for navigation. Incorporates social forces for low level motion.},
}


@ARTICLE{SKim2012CS,
author = {Sujeong Kim ., Stephen J. Guy ., Dinesh Manocha ., Ming C. Lin},
title = {Interactive Simulation of Dynamic Crowd Behaviors using General Adaptation Syndrome Theory},
year = {2012},
journal = {12 Proceedings of the ACM SIGGRAPH Symposium on Interactive 3D Graphics and Games, Pages 55-62.},
annote = {Use of stress modelling to drive agent motion in crowd simulation, taking into account psychological phenomena. Different stressors expressed as functions of space and time.},
}

@ARTICLE{ATreuilleCS,
author = {Adrien Treuille and Seth Cooper and Zoran Popovic},
title = {Continuum Crowds},
year = {2006},
institution = {University of Washington, Electronic Arts},
journal = {SIGGRAPH '06 ACM SIGGRAPH 2006 papers, Pages 1160-1168.},
annote = {Real-time crowd model based on continuum dynamics.},
}

@ARTICLE{JBerg2008CS,
author = {Jur van den Berg and Sachin Patil and Jason Sewall and Dinesh Manocha and Ming Lin},
title = {Interactive Navigation of Multiple Agents in Crowded Environments},
year = {2008},
journal = {Symposium on Interactive 3D Graphics and Games (I3D)},
institution = {University of North Carolina},
note = {\url{hhtp://gamma.cs.unc.edu/RVO/NAVIGATE/}},
annote = {Paper abour crowd simulation using RVO for local avoidance, discusses other aspects of crowd simulation as well.},
}

@ARTICLE{CLi2010CS,
author = {Cheng-Te Li and Shou-De Lin},
titlie = {Social Flocks: A Crowd Simulation Framework for
Social Network Generation, Community Detection,
and Collective Behavior Modeling},
year = {2010},
journal = {},
institution = {National Taiwan University},
annote = {Paper on modelling social behaviours in crowd simulation such as the generation of social networks and comminities.},
}

% Spatial partitioning resource for crowd simulation
@ARTICLE{NOthman2013SP,
author = {Nasri Bin Othman., Linbo Luo., Wentong Cai. and Michael Lees}, 
title = {Spatial Indexing in Agent-based Crowd Simulation},
journal = {6th International ICST Conference on Simulation Tools and Techniques pages 92-100},
year = {2013},
annote = {spatial partitioning. Each agent is put into a "bucket" that is associated with its position, the hash table consists of an array of these "buckets", and to find the agents neighbours you simply have to query the "bucket" the agent belongs to and the neighbouring "buckets". },
}

@misc{GGHT,
author = {Nvidia},
title = {GPU Gems 3},
chapter = {chapter 7},
howpublished = {\url{http://http.developer.nvidia.com/GPUGems3/gpugems3_ch07.html}},
note = {accessed 3rd May},
annote = {shader techniques, discusses implementing hash table on GPU},
}

% Design patterns
@misc{OODPWS,
author = {},
title = {Object Oriented Design Patterns},
howpublished = {\url{http://www.oodesign.com/}},
note = {accessed: 20th March 2015},
annote = {Website designated to various object oriented design patterns},
}

@misc{GPDSWS,
author = {Robert Nystrom},
title = {Game Programming Patters},
howpublished = {\url{http://gameprogrammingpatterns.com/}},
note = {accessed: 21th March 2015},
annote = {Website describing many objected oriented design patterns, typically found in games. The website gives examples of how each design pattern is used and why, very useful.},
}

%flocking systems

@misc{CRBF,
author = {Craig Reynolds},
title = {Boids},
howpublished = {\url{http://www.red3d.com/cwr/boids/}},
note = {accessed: 27th March 2015},
annote = {flocking systems}
}

%PLE
@ARTICLE{SG2010PLE,
author = {Stephen. J. Guy and Jatin Chhugani and Sean Curtis and Pradeep Dubey and Ming Lin and Dinesh Manocha},
title = {PLEdestrians: A Least-Effort Approach to Crowd Simulation},
year = {2010},
institution = {University of North Carolina},
journal = {Eurographics/ ACM SIGGRAPH Symposium on Computer Animation (2010)},
annote = {Algorithm for simulating large scale crowd simulation based on principles of least effort.},
}